%% This BibTeX bibliography file was created using BibDesk.
%% https://bibdesk.sourceforge.io/

%% Created for Corrado Caudek at 2020-05-15 08:05:38 +0200


%% Saved with string encoding Unicode (UTF-8)


@book{guttag2016introduction,
  title={Introduction to computation and programming using Python: With application to understanding data},
  author={Guttag, John},
  year={2016},
  publisher={MIT Press}
}

@article{etz2018introduction,
  title={Introduction to the concept of likelihood and its applications},
  author={Etz, Alexander},
  journal={Advances in Methods and Practices in Psychological Science},
  volume={1},
  number={1},
  pages={60--69},
  year={2018},
  publisher={Sage Publications Sage CA: Los Angeles, CA}
}

@article{vandeSchoot2021modelling,
	Author = {van de Schoot, Rens and Depaoli, Sarah and King, Ruth and Kramer, Bianca and MÃ¤rtens, Kaspar and Tadesse, Mahlet G. and Vannucci, Marina and Gelman, Andrew and Veen, Duco and Willemsen, Joukje and Yau, Christopher},
	Journal = {Nature Reviews Methods Primer},
	Number = {1},
	Pages = {1-26},
	Title = {Bayesian statistics and modelling},
	Volume = {1},
	Year = {2021}
}

@book{anderson2012new,
  title={The new statistical analysis of data},
  author={Anderson, Theodore Wilbur and Finn, Jeremy D},
  year={2012},
  publisher={Springer Science \& Business Media}
}

@book{gelman2020regression,
  title={Regression and other stories},
  author={Gelman, Andrew and Hill, Jennifer and Vehtari, Aki},
  year={2020},
  publisher={Cambridge University Press}
}


@article{baker2016reproducibility,
	Author = {Baker, Monya},
	Date-Added = {2020-05-15 08:04:41 +0200},
	Date-Modified = {2020-05-15 08:05:35 +0200},
	Journal = {Nature},
	Number = {26},
	Pages = {353-366},
	Title = {Reproducibility crisis?},
	Volume = {533},
	Year = {2016}}

@article{cite-key,
	Date-Added = {2020-05-15 08:04:17 +0200},
	Date-Modified = {2020-05-15 08:04:17 +0200}}

@article{deary_intell_2010,
	Author = {Deary, I. J. and Penke, L. and Johnson, W.},
	Date-Added = {2020-04-24 10:15:17 +0200},
	Date-Modified = {2020-04-24 10:16:56 +0200},
	Journal = {Nature Reviews Neuroscience},
	Number = {3},
	Pages = {201-211},
	Title = {The neuroscience of human intelligence differences},
	Volume = {11},
	Year = {2010}}

@article{Hulme_2020,
	Author = {Hulme, O. J. and Wagenmakers, E. J. and Damkier, P. and Madelung, C. F. and Siebner, H. R. and Helweg-Larsen, J. and ... Madsen, K. H.},
	Date-Added = {2020-04-11 07:45:51 +0200},
	Date-Modified = {2020-04-11 08:01:00 +0200},
	Journal = {medRxiv},
	Title = {Reply to Gautret et al. 2020: A Bayesian reanalysis of the effects of hydroxychloroquine and azithromycin on viral carriage in patients with COVID-19},
	Year = {2020}}

@article{Gautret_2020,
	Author = {Gautret, P. and Lagier, J. C. and Parola, P. and Meddeb, L. and Mailhe, M. and Doudier, B. and ... Honor{\'e}, S.},
	Date-Added = {2020-04-11 07:41:35 +0200},
	Date-Modified = {2020-04-11 08:03:11 +0200},
	Journal = {International Journal of Antimicrobial Agents},
	Title = {Hydroxychloroquine and azithromycin as a treatment of COVID-19: results of an open-label non-randomized clinical trial},
	Year = {2020}}

@article{mehr_melodies,
	Author = {Mehr, S. A. and Song, L. A. and Spelke, E. S.},
	Date-Added = {2020-03-01 09:03:52 +0100},
	Date-Modified = {2020-03-01 09:05:17 +0100},
	Journal = {Psychological Science},
	Number = {4},
	Pages = {486-501},
	Title = {For 5-month-old infants, melodies are social},
	Volume = {27},
	Year = {2016}}

@article{steegen2016increasing,
	Author = {Steegen, Sara and Tuerlinckx, Francis and Gelman, Andrew and Vanpaemel, Wolf},
	Date-Added = {2020-01-04 14:29:04 +0100},
	Date-Modified = {2020-01-04 14:29:51 +0100},
	Journal = {Perspectives on Psychological Science},
	Number = {5},
	Pages = {702-712},
	Title = {Increasing transparency through a multiverse analysis},
	Volume = {11},
	Year = {2016}}

@article{calvo2008detection,
	Author = {Calvo, Manuel G and Nummenmaa, Lauri},
	Date-Added = {2020-01-04 14:14:31 +0100},
	Date-Modified = {2020-01-04 14:15:48 +0100},
	Journal = {Journal of Experimental Psychology: General},
	Number = {3},
	Pages = {471-494},
	Title = {Detection of emotional faces: {Salient} physical features guide effective visual search},
	Volume = {137},
	Year = {2008}}

@article{ceccarini2013anger,
	Author = {Ceccarini, Francesco and Caudek, Corrado},
	Date-Added = {2020-01-04 14:11:53 +0100},
	Date-Modified = {2020-01-04 14:12:58 +0100},
	Journal = {Visual Cognition},
	Number = {4},
	Pages = {498-540},
	Title = {Anger superiority effect: {The} importance of dynamic emotional facial expressions},
	Volume = {21},
	Year = {2013}}

@article{hansen1988finding,
	Author = {Hansen, C. H. and Hansen, R. D.},
	Date-Added = {2020-01-04 14:09:41 +0100},
	Date-Modified = {2020-01-04 14:16:44 +0100},
	Journal = {Journal of Personality and Social Psychology},
	Number = {6},
	Pages = {917-924},
	Title = {Finding the face in the crowd: {An} anger superiority effect},
	Volume = {54},
	Year = {1988}}

@article{Jackson_propensity,
	Author = {Jackson, Joshua J. and Thoemmes, Felix and Jonkmann, Kathrin and L{\"u}dtke, Oliver and Trautwein, Ulrich},
	Date-Added = {2020-01-04 08:35:02 +0100},
	Date-Modified = {2020-01-04 08:39:04 +0100},
	Journal = {Psychological Science},
	Number = {3},
	Pages = {270-277},
	Title = {Military training and personality trait development: {Does} the military make the man, or does the man make the military?},
	Volume = {23},
	Year = {2012}}

@article{rohrer_2018,
	Author = {Rohrer, Julia M.},
	Date-Added = {2020-01-03 15:24:14 +0100},
	Date-Modified = {2020-01-04 08:54:41 +0100},
	Journal = {Advances in Methods and Practices in Psychological Science},
	Number = {1},
	Pages = {27-42},
	Title = {Thinking clearly about correlations and causation: {Graphical} causal models for observational data},
	Volume = {1},
	Year = {2018}}

@book{spirtes_2000,
	Author = {Spirtes, Peter and Glymour, Clark N. and Scheines, Richard and Heckerman, David},
	Date-Added = {2020-01-03 14:18:39 +0100},
	Date-Modified = {2020-01-03 14:20:27 +0100},
	Publisher = {MIT press},
	Title = {Causation, prediction, and search},
	Year = {2000}}

@book{pearl_2016,
	Author = {Pearl, Judea and Glymour, Madelyn and Jewell, Nicholas P.},
	Date-Added = {2020-01-03 09:27:33 +0100},
	Date-Modified = {2020-01-03 09:29:32 +0100},
	Publisher = {John Wiley \& Sons},
	Title = {Causal inference in statistics: {A} primer},
	Year = {2016}}

@article{pearl_1995,
	Author = {Pearl, Judea},
	Date-Added = {2020-01-03 09:25:16 +0100},
	Date-Modified = {2020-01-03 09:26:33 +0100},
	Journal = {Biometrika},
	Number = {4},
	Pages = {669-688},
	Title = {Causal diagrams for empirical research},
	Volume = {82},
	Year = {1995}}

@article{geman_geman_1984,
	Author = {Geman, Stuart and Geman, Donald},
	Date-Added = {2020-01-02 15:34:18 +0100},
	Date-Modified = {2020-01-02 15:35:47 +0100},
	Journal = {IEEE Transactions on pattern analysis and machine intelligence},
	Pages = {721-741},
	Title = {Stochastic relaxation, {Gibbs} distributions, and the {Bayesian} restoration of images},
	Volume = {6},
	Year = {1984}}

@article{hastings_1970,
	Author = {Hastings, W. Keith},
	Date-Added = {2020-01-02 15:30:42 +0100},
	Date-Modified = {2020-01-02 15:33:03 +0100},
	Journal = {Biometrika},
	Number = {1},
	Pages = {97-109},
	Title = {{Monte} {Carlo} sampling methods using {Markov} chains and their applications},
	Volume = {57},
	Year = {1970}}

@article{metropolist_etal_1953,
	Author = {Metropolis, Nicholas and Rosenbluth, Arianna W. and Rosenbluth, Marshall N. and Teller, Augusta H. and Teller, Edward},
	Date-Added = {2020-01-02 15:26:14 +0100},
	Date-Modified = {2020-01-02 15:28:27 +0100},
	Journal = {The Journal of Chemical Physics},
	Number = {6},
	Pages = {1087-1092},
	Title = {Equation of state calculations by fast computing machines},
	Volume = {21},
	Year = {1953}}

@article{metropolis_ulam_1949,
	Author = {Metropolis, Nicholas and Ulam, Stanislaw},
	Date-Added = {2020-01-02 15:23:08 +0100},
	Date-Modified = {2020-01-02 15:42:05 +0100},
	Journal = {Journal of the American Statistical Association},
	Number = {247},
	Pages = {335-341},
	Title = {The {Monte} {Carlo} method},
	Volume = {44},
	Year = {1949}}

@book{box_all_models,
	Author = {Box, G. E. and Luceno, A. and {del Carmen Paniagua-Quinones}, M.},
	Date-Added = {2020-01-01 10:43:10 +0100},
	Date-Modified = {2020-01-01 10:50:03 +0100},
	Publisher = {John Wiley and Sons},
	Title = {Statistical control by monitoring and adjustment},
	Volume = {400},
	Year = {2011}}

@book{doing_bayesian_data_an,
	Author = {Kruschke, John},
	Date-Added = {2019-12-26 12:06:28 +0100},
	Date-Modified = {2019-12-26 12:07:23 +0100},
	Publisher = {Academic Press},
	Title = {Doing Bayesian data analysis: A tutorial with R, JAGS, and Stan},
	Year = {2014}}


@article{Solomon_divorce_2014,
	Author = {Solomon, Brittany C. and Jackson, Joshua J.},
	Date-Added = {2019-12-24 12:57:01 +0100},
	Date-Modified = {2019-12-24 12:59:47 +0100},
	Journal = {Journal of Personality and Social Psychology},
	Number = {6},
	Pages = {978-996},
	Title = {Why do personality traits predict divorce? Multiple pathways through satisfaction},
	Volume = {106},
	Year = {2014}}

@book{tufte_visual_display,
	Author = {Tufte, Edward R.},
	Date-Added = {2019-12-22 16:03:49 +0100},
	Date-Modified = {2019-12-22 16:05:54 +0100},
	Publisher = {Graphics press Cheshire, CT},
	Title = {The visual display of quantitative information},
	Year = {2001}}

@article{zetsche_future_2019,
	Author = {Zetsche, Ulrike and B{\"u}rkner, Paul-Christian and Renneberg, Babette},
	Date-Added = {2019-12-22 12:34:31 +0100},
	Date-Modified = {2019-12-22 12:36:36 +0100},
	Journal = {Journal of Abnormal Psychology},
	Number = {7},
	Pages = {678-688},
	Rating = {5},
	Read = {1},
	Title = {Future expectations in clinical depression: Biased or realistic?},
	Volume = {128},
	Year = {2019}}

@article{Zetsche_future,
	Author = {Zetsche, Ulrike B{\"u}rkner, Paul-Christian Renneberg, Babette},
	Date-Added = {2019-12-22 12:32:37 +0100},
	Date-Modified = {2019-12-22 12:33:16 +0100}}

@article{stevens46,
  author={Stevens, Stanley Smith},
	Journal = {Science},
	Number = {2684},
	Pages = {677--680},
	Title = {On the theory of scales of measurement},
	Volume = {103},
	Year = {1946}}

@book{McElreath_rethinking,
	Address = {Boca Raton, Florida},
	Author = {Richard McElreath},
	Date-Modified = {2020-04-03 10:30:38 +0200},
	Edition = {2nd Edition},
	Publisher = {CRC Press},
	Title = {Statistical rethinking: A Bayesian course with examples in R and Stan},
	Year = {2020}}

@article{wang2003economic,
	Author = {Wang, Li Yan and Yang, Quanhe and Lowry, Richard and Wechsler, Howell},
	Journal = {Obesity Research},
	Number = {11},
	Pages = {1313--1324},
	Publisher = {Wiley Online Library},
	Title = {Economic analysis of a school-based obesity prevention program},
	Volume = {11},
	Year = {2003}}

@article{johnson1997triangular,
	Author = {Johnson, David},
	Journal = {Journal of the Royal Statistical Society: Series D (The Statistician)},
	Number = {3},
	Pages = {387--398},
	Publisher = {Wiley Online Library},
	Title = {The triangular distribution as a proxy for the beta distribution in risk analysis},
	Volume = {46},
	Year = {1997}}

@article{eisenhauer2011formulating,
	Author = {Eisenhauer, Joseph G},
	Journal = {Teaching Statistics},
	Number = {2},
	Pages = {38--42},
	Publisher = {Wiley Online Library},
	Title = {Formulating and using probability density functions with familiar geometric shapes},
	Volume = {33},
	Year = {2011}}

@book{kahneman2011thinking,
	Author = {Kahneman, Daniel},
	Publisher = {Macmillan},
	Title = {Thinking, fast and slow},
	Year = {2011}}

@book{apa2010,
	Author = {{American Psychological Association}},
	Date-Modified = {2020-04-11 08:11:47 +0200},
	Publisher = {Washington, DC: Author},
	Title = {Publication manual of the {American Psychological Association} (6th ed.)},
	Year = {2010}}

@article{tversky1983extensional,
	Author = {Tversky, Amos and Kahneman, Daniel},
	Journal = {Psychological Review},
	Number = {4},
	Pages = {293-315},
	Publisher = {American Psychological Association},
	Title = {Extensional versus intuitive reasoning: {T}he conjunction fallacy in probability judgment.},
	Volume = {90},
	Year = {1983}}

@article{tversky1973availability,
	Author = {Tversky, Amos and Kahneman, Daniel},
	Journal = {Cognitive psychology},
	Number = {2},
	Pages = {207--232},
	Publisher = {Elsevier},
	Title = {Availability: {A} heuristic for judging frequency and probability},
	Volume = {5},
	Year = {1973}}

@article{kahneman1972subjective,
	Author = {Kahneman, Daniel and Tversky, Amos},
	Journal = {Cognitive Psychology},
	Number = {3},
	Pages = {430--454},
	Publisher = {Elsevier},
	Title = {Subjective probability: {A} judgment of representativeness},
	Volume = {3},
	Year = {1972}}

@article{sanqui2011s,
	Author = {Sanqui, Jose Almer T and Arnholt, Alan T},
	Journal = {Teaching Statistics},
	Number = {1},
	Pages = {23--28},
	Publisher = {Wiley Online Library},
	Title = {Why is {S} a biased estimate of $\sigma$?},
	Volume = {33},
	Year = {2011}}

@article{meacock2005you,
	Author = {Meacock, Susan},
	Journal = {Teaching Statistics},
	Number = {3},
	Pages = {66--68},
	Publisher = {Wiley Online Library},
	Title = {Are you sitting comfortably?},
	Volume = {27},
	Year = {2005}}

@article{savage2007scaling,
	Author = {Savage, Van M and Allen, Andrew P and Brown, James H and Gillooly, James F and Herman, Alexander B and Woodruff, William H and West, Geoffrey B},
	Journal = {Proceedings of the National Academy of Sciences},
	Number = {11},
	Pages = {4718--4723},
	Publisher = {National Acad Sciences},
	Title = {Scaling of number, size, and metabolic rate of cells with body size in mammals},
	Volume = {104},
	Year = {2007}}

@book{grolemund2014hands,
	Author = {Grolemund, Garrett},
	Publisher = {O'Reilly Media, Inc.},
	Title = {Hands-on programming with {R}: {W}rite your own functions and simulations},
	Year = {2014}}

@article{koehler1996base,
	Author = {Koehler, Jonathan J},
	Journal = {Behavioral and brain sciences},
	Number = {01},
	Pages = {1--17},
	Publisher = {Cambridge Univ Press},
	Title = {The base rate fallacy reconsidered: Descriptive, normative, and methodological challenges},
	Volume = {19},
	Year = {1996}}

@article{hammerton1973case,
	Author = {Hammerton, M},
	Journal = {Journal of Experimental Psychology},
	Number = {2},
	Pages = {252},
	Publisher = {American Psychological Association},
	Title = {A case of radical probability estimation.},
	Volume = {101},
	Year = {1973}}

@article{miller2001female,
	Author = {Miller, Barbara D},
	Journal = {American anthropologist},
	Number = {4},
	Pages = {1083--1095},
	Publisher = {Wiley Online Library},
	Title = {Female-selective abortion in {A}sia: patterns, policies, and debates},
	Volume = {103},
	Year = {2001}}

@article{orzack2015human,
	Author = {Orzack, Steven Hecht and Stubblefield, J William and Akmaev, Viatcheslav R and Colls, Pere and Munn{\'e}, Santiago and Scholl, Thomas and Steinsaltz, David and Zuckerman, James E},
	Journal = {Proceedings of the National Academy of Sciences},
	Number = {16},
	Pages = {E2102--E2111},
	Publisher = {National Academy of Sciences},
	Title = {The human sex ratio from conception to birth},
	Volume = {112},
	Year = {2015}}

@book{box2005statistics,
	Author = {Box, George EP and Hunter, J Stuart and Hunter, William G},
	Publisher = {John Wiley and Sons New York},
	Title = {Statistics for experimenters},
	Year = {2005}}

@article{dawtry2015wealthier,
	Author = {Dawtry, Rael J and Sutton, Robbie M and Sibley, Chris G},
	Journal = {Psychological science},
	Number = {9},
	Pages = {1389--1400},
	Publisher = {SAGE Publications},
	Title = {Why wealthier people think people are wealthier, and why it matters from social sampling to attitudes to redistribution},
	Volume = {26},
	Year = {2015}}

@article{bem2011feeling,
	Author = {Bem, Daryl J},
	Journal = {Journal of Personality and Social Psychology},
	Number = {3},
	Pages = {407--425},
	Publisher = {American Psychological Association},
	Title = {Feeling the future: experimental evidence for anomalous retroactive influences on cognition and affect},
	Volume = {100},
	Year = {2011}}

@article{wagenmakers2011psychologists,
	Author = {Wagenmakers, Eric--Jan and Wetzels, Ruud and Borsboom, Denny and van der Maas, Han LJ},
	Journal = {Journal of Personality and Social Psychology},
	Number = {3},
	Pages = {426--432},
	Publisher = {American Psychological Association},
	Title = {Why psychologists must change the way they analyze their data: the case of psi: comment on {B}em (2011)},
	Volume = {100},
	Year = {2011}}

@article{open2015estimating,
	Author = {{Open Science Collaboration and others}},
	Journal = {Science},
	Number = {6251},
	Pages = {aac4716},
	Publisher = {American Association for the Advancement of Science},
	Title = {Estimating the reproducibility of psychological science},
	Volume = {349},
	Year = {2015}}

@book{cohen1988statistical,
	Author = {Cohen, Jacob},
	Publisher = {Lawrance Eribaum Association},
	Title = {Statistical power analysis for the behavior science},
	Year = {1988}}

@book{fisher1935design,
	Author = {Fisher, Ronald A},
	Publisher = {Oliver and Boyd, Edinburgh},
	Title = {The design of experiments},
	Year = {1935}}

@book{borel1914introduction,
	Author = {Borel, Emile},
	Publisher = {G. Villars, New York},
	Title = {Introduction G{\'e}om{\'e}trique},
	Year = {1914}}

@book{tufte1983visual,
	Author = {Tufte, Edward R and Graves-Morris, PR},
	Number = {9},
	Publisher = {Graphics press Cheshire, CT},
	Title = {The visual display of quantitative information},
	Volume = {2},
	Year = {1983}}

@article{tufte2006beautiful,
	Author = {Tufte, Edward R},
	Journal = {New York},
	Title = {Beautiful evidence},
	Year = {2006}}

@article{nuzzo2014statistical,
	Author = {Nuzzo, Regina},
	Journal = {Nature},
	Number = {7487},
	Pages = {150--152},
	Publisher = {Macmillan Publishers Ltd., London, England},
	Title = {Statistical errors},
	Volume = {506},
	Year = {2014}}

@article{greenland2016statistical,
	Author = {Greenland, Sander and Senn, Stephen J and Rothman, Kenneth J and Carlin, John B and Poole, Charles and Goodman, Steven N and Altman, Douglas G},
	Journal = {European Journal of Epidemiology},
	Number = {4},
	Pages = {1--14},
	Publisher = {Springer},
	Title = {Statistical tests, {P} values, confidence intervals, and power: a guide to misinterpretations},
	Volume = {31},
	Year = {2016}}

@article{wasserstein2016asa,
	Author = {Wasserstein, Ronald L and Lazar, Nicole A},
	Journal = {The American Statistician},
	Number = {2},
	Pages = {129--133},
	Publisher = {Taylor \& Francis},
	Title = {The {ASA}'s statement on p-values: context, process, and purpose},
	Volume = {70},
	Year = {2016}}

@article{gelman2014beyond,
	Author = {Gelman, Andrew and Carlin, John},
	Journal = {Perspectives on Psychological Science},
	Number = {6},
	Pages = {641--651},
	Publisher = {Sage Publications},
	Title = {Beyond power calculations: Assessing type {S} (sign) and type {M} (magnitude) errors},
	Volume = {9},
	Year = {2014}}

@article{button2013power,
	Author = {Button, Katherine S and Ioannidis, John PA and Mokrysz, Claire and Nosek, Brian A and Flint, Jonathan and Robinson, Emma SJ and Munaf{\`o}, Marcus R},
	Journal = {Nature Reviews Neuroscience},
	Number = {5},
	Pages = {365--376},
	Publisher = {Nature Publishing Group},
	Title = {Power failure: why small sample size undermines the reliability of neuroscience},
	Volume = {14},
	Year = {2013}}

@article{wilson2014just,
	Author = {Wilson, Timothy D and Reinhard, David A and Westgate, Erin C and Gilbert, Daniel T and Ellerbeck, Nicole and Hahn, Cheryl and Brown, Casey L and Shaked, Adi},
	Journal = {Science},
	Number = {6192},
	Pages = {75--77},
	Publisher = {American Association for the Advancement of Science},
	Title = {Just think: The challenges of the disengaged mind},
	Volume = {345},
	Year = {2014}}

@article{wagenmakers2007practical,
	Author = {Wagenmakers, Eric-Jan},
	Journal = {Psychonomic Bulletin \& Review},
	Number = {5},
	Pages = {779--804},
	Publisher = {Springer},
	Title = {A practical solution to the pervasive problems ofp values},
	Volume = {14},
	Year = {2007}}

@article{bakker2011mis,
	Author = {Bakker, Marjan and Wicherts, Jelte M},
	Journal = {Behavior Research Methods},
	Number = {3},
	Pages = {666--678},
	Publisher = {Springer},
	Title = {The (mis) reporting of statistical results in psychology journals},
	Volume = {43},
	Year = {2011}}

@article{john2012measuring,
	Author = {John, Leslie K and Loewenstein, George and Prelec, Drazen},
	Journal = {Psychological Science},
	Number = {5},
	Pages = {524--532},
	Publisher = {Sage Publications},
	Title = {Measuring the prevalence of questionable research practices with incentives for truth telling},
	Volume = {23},
	Year = {2012}}

@article{caudek2014individual,
	Author = {Caudek, Corrado},
	Journal = {Consciousness and Cognition},
	Pages = {169--183},
	Publisher = {Elsevier},
	Title = {Individual differences in cognitive control on self-referenced and other-referenced memory},
	Volume = {30},
	Year = {2014}}

@article{friendly1980interactive,
	Author = {Friendly, Michael and Franklin, Pat},
	Journal = {Memory \& Cognition},
	Number = {3},
	Pages = {265--270},
	Publisher = {Springer},
	Title = {Interactive presentation in multitrial free recall},
	Volume = {8},
	Year = {1980}}

@article{cutter1976some,
	Author = {Cutter, Gary R},
	Journal = {The American Statistician},
	Number = {4},
	Pages = {194--197},
	Publisher = {Taylor \& Francis},
	Title = {Some examples for teaching regression toward the mean from a sampling viewpoint},
	Volume = {30},
	Year = {1976}}

@book{Mill1843,
	Address = {London},
	Author = {Mill, John Stuart},
	Publisher = {Parker},
	Title = {A System of Logic},
	Year = {1843}}

@article{eysenck2007anxiety,
	Author = {Eysenck, Michael W and Derakshan, Nazanin and Santos, Rita and Calvo, Manuel G},
	Journal = {Emotion},
	Number = {2},
	Pages = {336--353},
	Publisher = {American Psychological Association},
	Title = {Anxiety and cognitive performance: attentional control theory.},
	Volume = {7},
	Year = {2007}}


	@article{cesario2019there,
	  title={Is there evidence of racial disparity in police use of deadly force? Analyses of officer-involved fatal shootings in 2015--2016},
	  author={Cesario, Joseph and Johnson, David J and Terrill, William},
	  journal={Social Psychological and Personality Science},
	  volume={10},
	  number={5},
	  pages={586--595},
	  year={2019},
	  publisher={SAGE Publications Sage CA: Los Angeles, CA}
	}

	@article{ross2020racial,
	  title={Racial disparities in police use of deadly force against unarmed individuals persist after appropriately benchmarking shooting data on violent crime rates},
	  author={Ross, Cody T and Winterhalder, Bruce and McElreath, Richard},
	  journal={Social Psychological and Personality Science},
	  pages={1--10},
	  year={2020},
	  publisher={SAGE Publications Sage CA: Los Angeles, CA}
	}
